<record xmlns="http://www.loc.gov/MARC21/slim" xmlns:xsi="http://www.w3.org/2001/XMLSchema-instance" xsi:schemaLocation="http://www.loc.gov/MARC21/slim http://www.loc.gov/standards/marcxml/schema/MARC21slim.xsd"><leader>02610nam a2200469   4500</leader><controlfield tag="001">001680089</controlfield><controlfield tag="003">NNU</controlfield><controlfield tag="006">m        d        </controlfield><controlfield tag="007">cr cn |||m|||a</controlfield><controlfield tag="008">150223s1957    iq      o     000 0 ara d</controlfield><datafield ind1=" " ind2=" " tag="040"><subfield code="a">NNU</subfield><subfield code="b">eng</subfield><subfield code="c">NNU</subfield></datafield><datafield ind1=" " ind2="4" tag="050"><subfield code="a">PJ7750.S26</subfield><subfield code="b">Z6</subfield></datafield><datafield ind1=" " ind2=" " tag="084"><subfield code="a">EN 2690</subfield><subfield code="2">rvk</subfield></datafield><datafield ind1="1" ind2=" " tag="100"><subfield code="6">880-01</subfield><subfield code="a">A&#772;l Ya&#772;si&#772;n, Muh&#803;ammad H&#803;asan.</subfield></datafield><datafield ind1="1" ind2="3" tag="245"><subfield code="6">880-02</subfield><subfield code="a">al-S&#803;a&#772;h&#803;ib ibn &#699;Abba&#772;d</subfield><subfield code="h">[electronic resource] :</subfield><subfield code="b">h&#803;aya&#772;tuhu wa-adabuhu /</subfield><subfield code="c">ta&#700;a&#772;li&#772;f Muh&#803;ammad H&#803;asan A&#772;l Ya&#772;si&#772;n.</subfield></datafield><datafield ind1=" " ind2=" " tag="250"><subfield code="6">880-03</subfield><subfield code="a">al-T&#803;ab&#699;ah 1.</subfield></datafield><datafield ind1=" " ind2=" " tag="260"><subfield code="6">880-04</subfield><subfield code="a">Baghda&#772;d :</subfield><subfield code="b">Mat&#803;ba&#699;at al-Ma&#699;a&#772;rif,</subfield><subfield code="c">[1957]</subfield></datafield><datafield ind1=" " ind2=" " tag="300"><subfield code="a">online resource (11, 288 p.)</subfield></datafield><datafield ind1="1" ind2=" " tag="490"><subfield code="6">880-05</subfield><subfield code="a">Maktabat al-S&#803;a&#772;h&#803;ib ibn &#699;Abba&#772;d ;</subfield><subfield code="v">1.</subfield></datafield><datafield ind1=" " ind2=" " tag="500"><subfield code="a">Cover title: al- Sahib ibn &#699;Abbad.</subfield></datafield><datafield ind1=" " ind2=" " tag="500"><subfield code="a">At head of title: Da&#772;r al-Ma&#699;a&#772;rif lil-Ta&#700;a&#772;li&#772;f wa-al-Tarjamah wa-al-Nashr.</subfield></datafield><datafield ind1=" " ind2=" " tag="500"><subfield code="a">Part of the Arabic Collections Online (ACO) project, contributed by New York Univeristy Libraries.</subfield></datafield><datafield ind1=" " ind2=" " tag="533"><subfield code="a">Electronic reproduction.</subfield><subfield code="b">New York, N.Y. :</subfield><subfield code="c">New York University,</subfield><subfield code="d">2015.</subfield><subfield code="5">NNU</subfield></datafield><datafield ind1="1" ind2="7" tag="600"><subfield code="a">S&#803;a&#772;h&#803;ib Ibn-&#699;Abba&#772;d, Isma&#772;&#699;i&#772;l ((as&#803;-))</subfield><subfield code="2">swd</subfield></datafield><datafield ind1="1" ind2="0" tag="600"><subfield code="a">S&#803;a&#772;h&#803;ib al-T&#803;a&#772;lqa&#772;ni&#772;, Abu&#772; al-Qa&#772;sim Isma&#772;&#699;i&#772;l ibn &#699;Abba&#772;d,</subfield><subfield code="d">936-995.</subfield></datafield><datafield ind1="1" ind2="7" tag="600"><subfield code="a">S&#803;a&#772;h&#803;ib al-T&#803;a&#772;lqa&#772;ni&#772;, Abu&#772; al-Qa&#772;sim Isma&#772;&#699;i&#772;l ibn &#699;Abba&#772;d,</subfield><subfield code="d">936-995.</subfield><subfield code="2">fast</subfield><subfield code="0">(OCoLC)fst00108573</subfield></datafield><datafield ind1="1" ind2=" " tag="700"><subfield code="6">880-06</subfield><subfield code="a">S&#803;a&#772;h&#803;ib al-T&#803;a&#772;lqa&#772;ni&#772;, Abu&#772; al-Qa&#772;sim Isma&#772;&#699;i&#772;l ibn &#699;Abba&#772;d,</subfield><subfield code="d">936-995.</subfield></datafield><datafield ind1="2" ind2=" " tag="710"><subfield code="a">New York University.</subfield><subfield code="b">Libraries.</subfield></datafield><datafield ind1="0" ind2=" " tag="730"><subfield code="a">Arabic Collections Online.</subfield></datafield><datafield ind1="0" ind2="8" tag="776"><subfield code="i">Online version:</subfield><subfield code="a">A&#772;l Ya&#772;si&#772;n, Muh&#803;ammad H&#803;asan.</subfield><subfield code="t">S&#803;a&#772;h&#803;ib ibn &#699;Abba&#772;d.</subfield><subfield code="d">Baghda&#772;d : Mat&#803;ba&#699;at al-Ma&#699;a&#772;rif, [1957]</subfield><subfield code="w">(OCoLC)586047447</subfield></datafield><datafield ind1="0" ind2="8" tag="776"><subfield code="i">Print version:</subfield><subfield code="a">A&#772;l Ya&#772;si&#772;n, Muh&#803;ammad H&#803;asan.</subfield><subfield code="t">al-S&#803;a&#772;h&#803;ib ibn &#699;Abba&#772;d</subfield><subfield code="w">(NNU)001680089</subfield></datafield><datafield ind1="4" ind2="0" tag="856"><subfield code="u">http://hdl.handle.net/2333.1/qbzkh33k</subfield></datafield><datafield ind1="1" ind2=" " tag="880"><subfield code="6">100-01/</subfield><subfield code="a">&#1570;&#1604; &#1610;&#1575;&#1587;&#1610;&#1606;&#1548; &#1605;&#1581;&#1605;&#1583; &#1581;&#1587;&#1606;.</subfield></datafield><datafield ind1="1" ind2="2" tag="880"><subfield code="6">245-02/</subfield><subfield code="a">&#1575;&#1604;&#1589;&#1575;&#1581;&#1576; &#1576;&#1606; &#1593;&#1576;&#1575;&#1583; :</subfield><subfield code="b">&#1581;&#1610;&#1575;&#1578;&#1607; &#1608;&#1575;&#1583;&#1576;&#1607; /</subfield><subfield code="c">&#1578;&#1571;&#1604;&#1610;&#1601; &#1605;&#1581;&#1605;&#1583; &#1570;&#1604; &#1610;&#1575;&#1587;&#1610;&#1606;.</subfield></datafield><datafield ind1=" " ind2=" " tag="880"><subfield code="6">250-03/</subfield><subfield code="a">&#1575;&#1604;&#1591;&#1576;&#1593;&#1577; &#1633;.</subfield></datafield><datafield ind1=" " ind2=" " tag="880"><subfield code="6">260-04/</subfield><subfield code="a">&#1576;&#1594;&#1583;&#1575;&#1583; :</subfield><subfield code="b">&#1605;&#1591;&#1576;&#1593;&#1577; &#1575;&#1604;&#1605;&#1593;&#1575;&#1585;&#1601;&#1548;</subfield><subfield code="c">[1957]</subfield></datafield><datafield ind1="1" ind2=" " tag="880"><subfield code="6">490-05/</subfield><subfield code="a">&#1605;&#1603;&#1578;&#1576;&#1577; &#1575;&#1604;&#1589;&#1575;&#1581;&#1576; &#1576;&#1606; &#1593;&#1576;&#1575;&#1583; &#1563;</subfield><subfield code="v">&#1633;.</subfield></datafield><datafield ind1="1" ind2=" " tag="880"><subfield code="6">700-06/</subfield><subfield code="a">&#1589;&#1575;&#1581;&#1576; &#1575;&#1604;&#1578;&#1575;&#1604;&#1602;&#1575;&#1606;&#1610;&#1548; &#1575;&#1576;&#1608; &#1575;&#1604;&#1602;&#1575;&#1587;&#1605; &#1575;&#1587;&#1605;&#1575;&#1593;&#1610;&#1604; &#1576;&#1606; &#1593;&#1576;&#1575;&#1583;.</subfield></datafield><datafield ind1=" " ind2="0" tag="830"><subfield code="6">880-07</subfield><subfield code="a">Maktabat al-S&#803;a&#772;h&#803;ib ibn &#699;Abba&#772;d ;</subfield><subfield code="v">1.</subfield></datafield><datafield ind1=" " ind2="0" tag="880"><subfield code="6">830-07/</subfield><subfield code="a">&#1605;&#1603;&#1578;&#1576;&#1577; &#1575;&#1604;&#1589;&#1575;&#1581;&#1576; &#1576;&#1606; &#1593;&#1576;&#1575;&#1583; &#1563;</subfield><subfield code="v">1.</subfield></datafield><datafield ind1=" " ind2=" " tag="959"><subfield code="a">NNU</subfield><subfield code="b">WEB</subfield><subfield code="c">GENI</subfield><subfield code="t">0</subfield><subfield code="m">Electronic access</subfield><subfield code="s">01</subfield></datafield><datafield ind1=" " ind2=" " tag="999"><subfield code="i">NNU_001680089</subfield><subfield code="s">nyu_aco000364</subfield></datafield></record>